<record><leader>00000cas a2200000 a 4500</leader><controlfield tag="001">10623286</controlfield><controlfield tag="008">840412d19841992ncudr ne      0   a0eng c</controlfield><datafield ind1=" " ind2=" " tag="010"><subfield code="a">sn 84009662 </subfield></datafield><datafield ind1=" " ind2=" " tag="040"><subfield code="a">NSD</subfield><subfield code="b">eng</subfield><subfield code="c">NSD</subfield><subfield code="d">DLC</subfield><subfield code="d">OCL</subfield><subfield code="d">YOX</subfield><subfield code="d">NSD</subfield><subfield code="d">NVJ</subfield><subfield code="d">NSD</subfield><subfield code="d">NVJ</subfield><subfield code="d">DLC</subfield><subfield code="d">OCLCQ</subfield><subfield code="d">OCLCF</subfield><subfield code="d">OCLCO</subfield><subfield code="d">OCLCQ</subfield></datafield><datafield ind1=" " ind2=" " tag="012"><subfield code="j">1</subfield><subfield code="m">d</subfield></datafield><datafield ind1=" " ind2=" " tag="019"><subfield code="a">55506479</subfield></datafield><datafield ind1="1" ind2=" " tag="022"><subfield code="a">0747-1858</subfield><subfield code="l">0747-1858</subfield><subfield code="2">1</subfield></datafield><datafield ind1=" " ind2=" " tag="037"><subfield code="b">200 East Market Street, Greensboro News &amp; Record, Inc., Greensboro, NC 27401</subfield></datafield><datafield ind1=" " ind2=" " tag="042"><subfield code="a">nsdp</subfield><subfield code="a">pcc</subfield></datafield><datafield ind1=" " ind2=" " tag="043"><subfield code="a">n-us-nc</subfield></datafield><datafield ind1="0" ind2="0" tag="050"><subfield code="a">Newspaper</subfield></datafield><datafield ind1=" " ind2="0" tag="222"><subfield code="a">Greensboro news &amp; record</subfield></datafield><datafield ind1="0" ind2="0" tag="245"><subfield code="a">Greensboro news &amp; record.</subfield></datafield><datafield ind1="1" ind2="0" tag="246"><subfield code="a">Greensboro news and record</subfield></datafield><datafield ind1=" " ind2=" " tag="260"><subfield code="a">Greensboro, N.C. :</subfield><subfield code="b">Greensboro News &amp; Record, Inc.</subfield></datafield><datafield ind1=" " ind2=" " tag="300"><subfield code="a">volumes</subfield></datafield><datafield ind1=" " ind2=" " tag="310"><subfield code="a">Daily</subfield></datafield><datafield ind1=" " ind2=" " tag="336"><subfield code="a">text</subfield><subfield code="b">txt</subfield><subfield code="2">rdacontent</subfield></datafield><datafield ind1=" " ind2=" " tag="337"><subfield code="a">unmediated</subfield><subfield code="b">n</subfield><subfield code="2">rdamedia</subfield></datafield><datafield ind1=" " ind2=" " tag="338"><subfield code="a">volume</subfield><subfield code="b">nc</subfield><subfield code="2">rdacarrier</subfield></datafield><datafield ind1="0" ind2=" " tag="362"><subfield code="a">Vol. 77, no. 77 (Mar. 17, 1984)-v. 77, no. 78 (Mar. 18, 1984) ; v. 94, no. 79 (Mar. 19, 1984)-v. 102, no. 61 (Mar. 1, 1992).</subfield></datafield><datafield ind1=" " ind2=" " tag="515"><subfield code="a">Changes to vol. numbering of Greensboro record with Mar. 19, 1984 issue.</subfield></datafield><datafield ind1=" " ind2=" " tag="530"><subfield code="a">Also issued on microfilm from University Microfilms International.</subfield></datafield><datafield ind1=" " ind2="0" tag="651"><subfield code="a">Greensboro (N.C.)</subfield><subfield code="v">Newspapers.</subfield></datafield><datafield ind1=" " ind2="7" tag="651"><subfield code="a">North Carolina</subfield><subfield code="z">Greensboro.</subfield><subfield code="2">fast</subfield><subfield code="0">(OCoLC)fst01205296</subfield></datafield><datafield ind1=" " ind2="7" tag="655"><subfield code="a">Newspapers.</subfield><subfield code="2">fast</subfield><subfield code="0">(OCoLC)fst01423814</subfield></datafield><datafield ind1=" " ind2=" " tag="752"><subfield code="a">United States</subfield><subfield code="b">North Carolina</subfield><subfield code="c">Guilford</subfield><subfield code="d">Greensboro.</subfield></datafield><datafield ind1="0" ind2="4" tag="780"><subfield code="t">Greensboro daily news</subfield><subfield code="x">0746-0740</subfield><subfield code="w">(DLC)sn 83008209</subfield></datafield><datafield ind1="0" ind2="4" tag="780"><subfield code="t">Greensboro record</subfield><subfield code="w">(DLC)sn 83008215</subfield></datafield><datafield ind1="0" ind2="0" tag="785"><subfield code="t">News &amp; record (Greensboro, N.C.)</subfield><subfield code="x">1072-0065</subfield><subfield code="w">(DLC)sn 93004539</subfield></datafield><datafield ind1="1" ind2=" " tag="029"><subfield code="a">AU@</subfield><subfield code="b">000020333099</subfield></datafield></record>